<?xml version="1.0" encoding="UTF-8"?><collection xmlns="http://www.loc.gov/MARC21/slim"><record><leader>00437nam--2200145-i-4500</leader><controlfield tag="001">000010725</controlfield><controlfield tag="002">20161230</controlfield><controlfield tag="005">20170219001446</controlfield><controlfield tag="008">060222s1000------------r-----000-0-eng-d</controlfield><datafield ind1=" " ind2=" " tag="100"><subfield code="a">Dissoubret, Jean</subfield></datafield><datafield ind1=" " ind2=" " tag="245"><subfield code="a">Etude de l abouchement du choledoque dans un diverticule du second duodenum. /these</subfield></datafield><datafield ind1=" " ind2=" " tag="260"><subfield code="a">Paris</subfield><subfield code="b">Faculte De Medicine, Universite Rene Descartes</subfield><subfield code="c">1972</subfield></datafield><datafield ind1=" " ind2=" " tag="300"><subfield code="a">42 p</subfield></datafield><datafield ind1=" " ind2=" " tag="852"><subfield code="a">616</subfield></datafield><datafield ind1=" " ind2=" " tag="CAT"><subfield code="a">SYS</subfield><subfield code="c">20170219</subfield><subfield code="h">001446</subfield></datafield></record></collection>